@book{mips_isa,
    author    = "Charles Price",
    title     = "MIPS IV Instruction Set",
    year      = "1995",
    publisher = "MIPS Technologies, Inc"
}

@book{r3000a,
    title     = "IDT R30xx Family Software Reference Manual",
    year      = "1994",
    publisher = "Integrated Device Technology, Inc"
}

@book{victor,
    author    = "Victor P. Rubio",
    title     = "A FPGA Implementation of a MIPS RISC Processor for Computer Architecture Education",
    year      = "2004",
    publisher = "New Mexico State University"
}

@book{clements,
    author    = "Alan Clements",
    title     = "Principles of Computer Hardware",
    edition   = "Fourth",
    year      =  "2006",
    publisher =  "Oxford University Press"
}

@book{morgan_claypool,
    author    = "Antonio Gonzalez, Fernando Lattore, Grigorios Magklis",
    title     = "Processor Microarchitecture - An Implementation Perspective",
    year      = "2011",
    publisher = "Morgan \& Claypool"
}

@book{comporg,
    author    = "David A. Patterson, John L. Hennessy",
    title     = "Computer Organization and Design - The Hardware/Software Interface",
    edition   = "Fourth",
    year      = "2012",
    publisher = "Morgan Kaufmann"
}

@book{nexys2_bist,
    title     = "Nexys 2 Built In Self Test Manual",
    year      = "2009",
    publisher = "Digilent, Inc"
}

@book{nexys2_memcfg,
    title     = "OnBoard MemCfg Reference Project",
    year      = "2009",
    publisher = "Digilent, Inc"
}

@book{nexys2_rm,
    title     = "Digilent Nexys2 Board Reference Manual",
    year      = "2011",
    publisher = "Digilent, Inc"
}
